%% This BibTeX bibliography file was created using BibDesk.
%% https://bibdesk.sourceforge.io/

%% Created for 장태영 at 2021-11-29 15:35:59 +0900 


%% Saved with string encoding Unicode (UTF-8) 



@book{efron_hastie_2016,
	author = {Efron, Bradley and Hastie, Trevor},
	date-added = {2021-11-29 15:30:41 +0900},
	date-modified = {2021-11-29 15:35:47 +0900},
	publisher = {Cambridge University Press},
	series = {Institute of Mathematical Statistics Monographs},
	title = {Computer Age Statistical Inference: Algorithms, Evidence, and Data Science},
	Bdsk-File-1 = {YnBsaXN0MDDSAQIDBFxyZWxhdGl2ZVBhdGhZYWxpYXNEYXRhXxAqQ2FtYnJpZGdlQ29yZV9DaXRhdGlvbkV4cG9ydF8yOU5vdjIwMjEudHh0TxECJAAAAAACJAACAAAMTWFjaW50b3NoIEhEAAAAAAAAAAAAAAAAAAAAAAAAAEJEAAH/////H0NhbWJyaWRnZUNvcmVfQ2l0YSNGRkZGRkZGRi50eHQAAAAAAAAAAAAAAAAAAAAAAAAAAAAAAAAAAAAAAAAAAP////8AAAAAAAAAAAAAAAAAAQACAAAKIGN1AAAAAAAAAAAAAAAAABhBZHZTdGF0TWV0aG9kX0Fzc2lnbm1lbnQAAgBxLzpVc2VyczpjaGFuZ3RhZXllb25nOkRlc2t0b3A6QWR2X1N0YV9NZXRob2RzOkFkdlN0YXRNZXRob2RfQXNzaWdubWVudDpDYW1icmlkZ2VDb3JlX0NpdGF0aW9uRXhwb3J0XzI5Tm92MjAyMS50eHQAAA4AVgAqAEMAYQBtAGIAcgBpAGQAZwBlAEMAbwByAGUAXwBDAGkAdABhAHQAaQBvAG4ARQB4AHAAbwByAHQAXwAyADkATgBvAHYAMgAwADIAMQAuAHQAeAB0AA8AGgAMAE0AYQBjAGkAbgB0AG8AcwBoACAASABEABIAb1VzZXJzL2NoYW5ndGFleWVvbmcvRGVza3RvcC9BZHZfU3RhX01ldGhvZHMvQWR2U3RhdE1ldGhvZF9Bc3NpZ25tZW50L0NhbWJyaWRnZUNvcmVfQ2l0YXRpb25FeHBvcnRfMjlOb3YyMDIxLnR4dAAAEwABLwAAFQACABT//wAAAAgADQAaACQAUQAAAAAAAAIBAAAAAAAAAAUAAAAAAAAAAAAAAAAAAAJ5}}
